<record><leader>00000cas a22000007a 4500</leader><controlfield tag="001">35332457</controlfield><controlfield tag="008">960831c19439999tnuwr ne      0    0eng d</controlfield><datafield ind1=" " ind2=" " tag="010"><subfield code="a">sn 96091094 </subfield></datafield><datafield ind1=" " ind2=" " tag="040"><subfield code="a">TGN</subfield><subfield code="b">eng</subfield><subfield code="c">TGN</subfield><subfield code="d">OCLCQ</subfield><subfield code="d">OCLCF</subfield><subfield code="d">OCLCO</subfield></datafield><datafield ind1="1" ind2=" " tag="029"><subfield code="a">AU@</subfield><subfield code="b">000012854351</subfield></datafield><datafield ind1=" " ind2=" " tag="042"><subfield code="a">msc</subfield></datafield><datafield ind1=" " ind2=" " tag="043"><subfield code="a">n-us-tn</subfield></datafield><datafield ind1="0" ind2=" " tag="130"><subfield code="a">Nashville record (Nashville, Tenn. : 1943)</subfield></datafield><datafield ind1="1" ind2="4" tag="245"><subfield code="a">The Nashville record.</subfield></datafield><datafield ind1="1" ind2="3" tag="246"><subfield code="a">Nashville record with which is combined the Jeffersonian</subfield></datafield><datafield ind1="1" ind2="7" tag="246"><subfield code="a">Nashville record and the Jeffersonian</subfield></datafield><datafield ind1=" " ind2=" " tag="260"><subfield code="a">Nashville, Tenn. :</subfield><subfield code="b">[s.n.],</subfield><subfield code="c">1943-</subfield></datafield><datafield ind1=" " ind2=" " tag="300"><subfield code="a">v.</subfield></datafield><datafield ind1=" " ind2=" " tag="310"><subfield code="a">Weekly</subfield></datafield><datafield ind1="0" ind2=" " tag="362"><subfield code="a">Vol. 12, no. 3 (June 15, 1943)-</subfield></datafield><datafield ind1=" " ind2=" " tag="500"><subfield code="a">Published in: Nashville, Tenn., June 15, 1943-July 3, 1956; Old Hickory, Tenn., July 10, 1956-Sept. 29, 1964; Nashville, Tenn., Oct. 6, 1964-</subfield></datafield><datafield ind1=" " ind2=" " tag="500"><subfield code="a">Publishers: Record Pub. Co., &lt;1949&gt;-1956; E. Roque Fajardo, 1956; Community News, 1956-1964; Community Newspapers Inc., 1964-1974; Multimedia Inc. 1974-1995; Gannett Newspaper, 1995-</subfield></datafield><datafield ind1=" " ind2=" " tag="500"><subfield code="a">"A newspaper of general information as to the public records of Nashville and Davidson County."</subfield></datafield><datafield ind1=" " ind2="0" tag="651"><subfield code="a">Nashville (Tenn.)</subfield><subfield code="v">Newspapers.</subfield></datafield><datafield ind1=" " ind2="0" tag="651"><subfield code="a">Davidson County (Tenn.)</subfield><subfield code="v">Newspapers.</subfield></datafield><datafield ind1=" " ind2="7" tag="655"><subfield code="a">Newspapers.</subfield><subfield code="2">fast</subfield><subfield code="0">(OCoLC)fst01423814</subfield></datafield><datafield ind1=" " ind2="7" tag="651"><subfield code="a">Tennessee</subfield><subfield code="z">Davidson County.</subfield><subfield code="2">fast</subfield><subfield code="0">(OCoLC)fst01205346</subfield></datafield><datafield ind1=" " ind2="7" tag="651"><subfield code="a">Tennessee</subfield><subfield code="z">Nashville.</subfield><subfield code="2">fast</subfield><subfield code="0">(OCoLC)fst01204195</subfield></datafield><datafield ind1=" " ind2=" " tag="752"><subfield code="a">United States</subfield><subfield code="b">Tennessee</subfield><subfield code="c">Davidson</subfield><subfield code="d">Nashville.</subfield></datafield><datafield ind1="0" ind2="0" tag="780"><subfield code="t">Nashville record and the Jeffersonian</subfield><subfield code="w">(DLC)sn 96091093</subfield></datafield></record>